[gd_scene load_steps=13 format=2]

[ext_resource path="res://Scripts/XEnemy.gd" type="Script" id=1]
[ext_resource path="res://Sprites/enemy.png" type="Texture" id=2]

[sub_resource type="RectangleShape2D" id=1]

custom_solver_bias = 0.0
extents = Vector2( 10, 20.3946 )

[sub_resource type="RectangleShape2D" id=2]

custom_solver_bias = 0.0
extents = Vector2( 10, 10 )

[sub_resource type="Animation" id=7]

resource_name = "idledown"
length = 1.0
loop = true
step = 0.5
tracks/0/type = "value"
tracks/0/path = NodePath("Sprite:frame")
tracks/0/interp = 1
tracks/0/loop_wrap = true
tracks/0/imported = false
tracks/0/enabled = true
tracks/0/keys = {
"times": PoolRealArray( 0 ),
"transitions": PoolRealArray( 1 ),
"update": 1,
"values": [ 0 ]
}

[sub_resource type="Animation" id=3]

resource_name = "idleleft"
length = 1.0
loop = true
step = 0.5
tracks/0/type = "value"
tracks/0/path = NodePath("Sprite:frame")
tracks/0/interp = 1
tracks/0/loop_wrap = true
tracks/0/imported = false
tracks/0/enabled = true
tracks/0/keys = {
"times": PoolRealArray( 0 ),
"transitions": PoolRealArray( 1 ),
"update": 1,
"values": [ 6 ]
}

[sub_resource type="Animation" id=4]

resource_name = "idleright"
length = 1.0
loop = true
step = 0.5
tracks/0/type = "value"
tracks/0/path = NodePath("Sprite:frame")
tracks/0/interp = 1
tracks/0/loop_wrap = true
tracks/0/imported = false
tracks/0/enabled = true
tracks/0/keys = {
"times": PoolRealArray( 0 ),
"transitions": PoolRealArray( 1 ),
"update": 1,
"values": [ 4 ]
}

[sub_resource type="Animation" id=8]

resource_name = "idleup"
length = 1.0
loop = true
step = 0.5
tracks/0/type = "value"
tracks/0/path = NodePath("Sprite:frame")
tracks/0/interp = 1
tracks/0/loop_wrap = true
tracks/0/imported = false
tracks/0/enabled = true
tracks/0/keys = {
"times": PoolRealArray( 0 ),
"transitions": PoolRealArray( 1 ),
"update": 1,
"values": [ 2 ]
}

[sub_resource type="Animation" id=9]

resource_name = "walkdown"
length = 1.0
loop = true
step = 0.5
tracks/0/type = "value"
tracks/0/path = NodePath("Sprite:frame")
tracks/0/interp = 1
tracks/0/loop_wrap = true
tracks/0/imported = false
tracks/0/enabled = true
tracks/0/keys = {
"times": PoolRealArray( 0, 0.5 ),
"transitions": PoolRealArray( 1, 1 ),
"update": 1,
"values": [ 0, 1 ]
}

[sub_resource type="Animation" id=5]

resource_name = "walkleft"
length = 1.0
loop = true
step = 0.5
tracks/0/type = "value"
tracks/0/path = NodePath("Sprite:frame")
tracks/0/interp = 1
tracks/0/loop_wrap = true
tracks/0/imported = false
tracks/0/enabled = true
tracks/0/keys = {
"times": PoolRealArray( 0, 0.5 ),
"transitions": PoolRealArray( 1, 1 ),
"update": 1,
"values": [ 6, 7 ]
}

[sub_resource type="Animation" id=6]

resource_name = "walkright"
length = 1.0
loop = true
step = 0.5
tracks/0/type = "value"
tracks/0/path = NodePath("Sprite:frame")
tracks/0/interp = 1
tracks/0/loop_wrap = true
tracks/0/imported = false
tracks/0/enabled = true
tracks/0/keys = {
"times": PoolRealArray( 0, 0.5 ),
"transitions": PoolRealArray( 1, 1 ),
"update": 1,
"values": [ 4, 5 ]
}

[sub_resource type="Animation" id=10]

resource_name = "walkup"
length = 1.0
loop = true
step = 0.5
tracks/0/type = "value"
tracks/0/path = NodePath("Sprite:frame")
tracks/0/interp = 1
tracks/0/loop_wrap = true
tracks/0/imported = false
tracks/0/enabled = true
tracks/0/keys = {
"times": PoolRealArray( 0, 0.5 ),
"transitions": PoolRealArray( 1, 1 ),
"update": 1,
"values": [ 2, 3 ]
}

[node name="xEnemy" type="KinematicBody2D"]

position = Vector2( 156.942, 291.639 )
rotation = 1.5708
scale = Vector2( 0.5, 0.5 )
input_pickable = false
collision_layer = 1
collision_mask = 1
collision/safe_margin = 0.08
script = ExtResource( 1 )
_sections_unfolded = [ "Transform" ]
speed = 500

[node name="Sprite" type="Sprite" parent="." index="0"]

position = Vector2( -9.03594, -1.93044 )
rotation = 4.71239
scale = Vector2( 5.96164, 6.14828 )
texture = ExtResource( 2 )
vframes = 2
hframes = 8
frame = 6
_sections_unfolded = [ "Animation" ]

[node name="CollisionShape2D" type="CollisionShape2D" parent="." index="1"]

position = Vector2( -9.08615, 1.22535 )
scale = Vector2( 4.9741, 1.89388 )
shape = SubResource( 1 )
_sections_unfolded = [ "Transform" ]

[node name="hitbox" type="Area2D" parent="." index="2"]

position = Vector2( 1.99988, -33.9999 )
input_pickable = true
gravity_vec = Vector2( 0, 1 )
gravity = 98.0
linear_damp = 0.1
angular_damp = 1.0
audio_bus_override = false
audio_bus_name = "Master"

[node name="CollisionShape2D" type="CollisionShape2D" parent="hitbox" index="0"]

position = Vector2( -11.0862, 36.4225 )
scale = Vector2( 5.25045, 4.23722 )
shape = SubResource( 2 )

[node name="anim" type="AnimationPlayer" parent="." index="3"]

root_node = NodePath("..")
autoplay = ""
playback_process_mode = 1
playback_default_blend_time = 0.0
playback_speed = 1.0
anims/idledown = SubResource( 7 )
anims/idleleft = SubResource( 3 )
anims/idleright = SubResource( 4 )
anims/idleup = SubResource( 8 )
anims/walkdown = SubResource( 9 )
anims/walkleft = SubResource( 5 )
anims/walkright = SubResource( 6 )
anims/walkup = SubResource( 10 )
blend_times = [  ]


