[gd_scene load_steps=10 format=2]

[ext_resource path="res://Game/StartGame.gd" type="Script" id=1]
[ext_resource path="res://TitleScreen/fonts/Abril_48.tres" type="DynamicFont" id=2]
[ext_resource path="res://Game/Buttons/levelSatu.tscn" type="PackedScene" id=3]
[ext_resource path="res://Game/Buttons/levelDua.tscn" type="PackedScene" id=4]
[ext_resource path="res://Game/Buttons/levelTiga.tscn" type="PackedScene" id=5]
[ext_resource path="res://Game/Buttons/levelEmpat.tscn" type="PackedScene" id=6]
[ext_resource path="res://Game/Buttons/levelLima.tscn" type="PackedScene" id=7]
[ext_resource path="res://Game/Buttons/Back.tscn" type="PackedScene" id=8]
[ext_resource path="res://Songs/House In a Forest Loop.ogg" type="AudioStream" id=9]

[node name="StartGame" type="Control"]

anchor_left = 0.0
anchor_top = 0.0
anchor_right = 1.0
anchor_bottom = 1.0
rect_pivot_offset = Vector2( 0, 0 )
rect_clip_content = false
mouse_filter = 0
mouse_default_cursor_shape = 0
size_flags_horizontal = 1
size_flags_vertical = 1
script = ExtResource( 1 )

[node name="UntukMargin" type="VBoxContainer" parent="." index="0"]

anchor_left = 0.0
anchor_top = 0.0
anchor_right = 1.0
anchor_bottom = 1.0
margin_left = 109.0
margin_top = 75.0
margin_right = -105.0
margin_bottom = -78.0
rect_pivot_offset = Vector2( 0, 0 )
rect_clip_content = false
mouse_filter = 1
mouse_default_cursor_shape = 0
size_flags_horizontal = 1
size_flags_vertical = 1
alignment = 0
_sections_unfolded = [ "Margin" ]

[node name="Label" type="Label" parent="UntukMargin" index="0"]

anchor_left = 0.0
anchor_top = 0.0
anchor_right = 0.0
anchor_bottom = 0.0
margin_right = 810.0
margin_bottom = 65.0
rect_pivot_offset = Vector2( 0, 0 )
rect_clip_content = false
mouse_filter = 2
mouse_default_cursor_shape = 0
size_flags_horizontal = 1
size_flags_vertical = 4
custom_fonts/font = ExtResource( 2 )
text = "Choose Level"
align = 1
percent_visible = 1.0
lines_skipped = 0
max_lines_visible = -1
_sections_unfolded = [ "custom_fonts" ]

[node name="BagianTengah" type="CenterContainer" parent="UntukMargin" index="1"]

anchor_left = 0.0
anchor_top = 0.0
anchor_right = 0.0
anchor_bottom = 0.0
margin_top = 69.0
margin_right = 810.0
margin_bottom = 469.0
rect_pivot_offset = Vector2( 0, 0 )
rect_clip_content = false
mouse_filter = 0
mouse_default_cursor_shape = 0
size_flags_horizontal = 1
size_flags_vertical = 1
use_top_left = false

[node name="pilihLevel" type="VBoxContainer" parent="UntukMargin/BagianTengah" index="0"]

anchor_left = 0.0
anchor_top = 0.0
anchor_right = 0.0
anchor_bottom = 0.0
margin_left = 155.0
margin_right = 655.0
margin_bottom = 400.0
rect_min_size = Vector2( 500, 400 )
rect_pivot_offset = Vector2( 0, 0 )
rect_clip_content = false
mouse_filter = 1
mouse_default_cursor_shape = 0
size_flags_horizontal = 1
size_flags_vertical = 1
alignment = 1
_sections_unfolded = [ "Anchor", "Margin", "Rect" ]

[node name="ButtonsAtas" type="HBoxContainer" parent="UntukMargin/BagianTengah/pilihLevel" index="0"]

anchor_left = 0.0
anchor_top = 0.0
anchor_right = 0.0
anchor_bottom = 0.0
margin_top = 23.0
margin_right = 500.0
margin_bottom = 173.0
rect_min_size = Vector2( 250, 150 )
rect_pivot_offset = Vector2( 0, 0 )
rect_clip_content = false
mouse_filter = 1
mouse_default_cursor_shape = 0
size_flags_horizontal = 1
size_flags_vertical = 1
custom_constants/separation = 30
alignment = 1
_sections_unfolded = [ "Margin", "Rect", "custom_constants" ]

[node name="levelSatu" parent="UntukMargin/BagianTengah/pilihLevel/ButtonsAtas" index="0" instance=ExtResource( 3 )]

anchor_right = 0.0
anchor_bottom = 0.0
margin_left = 100.0
margin_right = 180.0
margin_bottom = 150.0
_sections_unfolded = [ "Margin", "Rect", "custom_constants", "custom_fonts" ]
load_level = "res://Scenes/Level1.tscn"

[node name="levelDua" parent="UntukMargin/BagianTengah/pilihLevel/ButtonsAtas" index="1" instance=ExtResource( 4 )]

anchor_right = 0.0
anchor_bottom = 0.0
margin_left = 210.0
margin_right = 290.0
margin_bottom = 150.0
_sections_unfolded = [ "Margin", "Rect", "custom_constants", "custom_fonts" ]
load_level = "res://Scenes/Level2.tscn"

[node name="levelTiga" parent="UntukMargin/BagianTengah/pilihLevel/ButtonsAtas" index="2" instance=ExtResource( 5 )]

anchor_right = 0.0
anchor_bottom = 0.0
margin_left = 320.0
margin_right = 400.0
margin_bottom = 150.0
_sections_unfolded = [ "Margin", "Pause", "Rect", "custom_constants", "custom_fonts" ]
load_level = "res://Scenes/Level3.tscn"

[node name="ButtonsBawah" type="HBoxContainer" parent="UntukMargin/BagianTengah/pilihLevel" index="1"]

anchor_left = 0.0
anchor_top = 0.0
anchor_right = 0.0
anchor_bottom = 0.0
margin_top = 177.0
margin_right = 500.0
margin_bottom = 377.0
rect_min_size = Vector2( 250, 200 )
rect_pivot_offset = Vector2( 0, 0 )
rect_clip_content = false
mouse_filter = 1
mouse_default_cursor_shape = 0
size_flags_horizontal = 1
size_flags_vertical = 1
custom_constants/separation = 30
alignment = 1
_sections_unfolded = [ "Margin", "Rect", "custom_constants" ]

[node name="levelEmpat" parent="UntukMargin/BagianTengah/pilihLevel/ButtonsBawah" index="0" instance=ExtResource( 6 )]

anchor_right = 0.0
anchor_bottom = 0.0
margin_left = 100.0
margin_right = 180.0
margin_bottom = 200.0
_sections_unfolded = [ "Margin", "Rect", "custom_constants", "custom_fonts" ]
load_level = "res://Scenes/Level4.tscn"

[node name="levelLima" parent="UntukMargin/BagianTengah/pilihLevel/ButtonsBawah" index="1" instance=ExtResource( 7 )]

anchor_right = 0.0
anchor_bottom = 0.0
margin_left = 210.0
margin_right = 290.0
margin_bottom = 200.0
_sections_unfolded = [ "Margin", "Rect", "custom_constants", "custom_fonts" ]
load_level = "res://Scenes/Level5.tscn"

[node name="Back" parent="UntukMargin/BagianTengah/pilihLevel/ButtonsBawah" index="2" instance=ExtResource( 8 )]

anchor_right = 0.0
anchor_bottom = 0.0
margin_left = 320.0
margin_right = 400.0
margin_bottom = 200.0
_sections_unfolded = [ "Margin", "Rect", "custom_constants", "custom_fonts" ]
load_level = "res://TitleScreen/TitleScreen.tscn"

[node name="AudioStreamPlayer2D" type="AudioStreamPlayer2D" parent="." index="1"]

stream = ExtResource( 9 )
volume_db = 0.0
pitch_scale = 1.0
autoplay = true
max_distance = 2000.0
attenuation = 1.0
bus = "Master"
area_mask = 1


